<record><leader>00000cas a22000007a 4500</leader><controlfield tag="001">12540109</controlfield><controlfield tag="008">850912d18981920wiucr ne      0    0eng d</controlfield><datafield ind1=" " ind2=" " tag="010"><subfield code="a">sn 85041026 </subfield></datafield><datafield ind1=" " ind2=" " tag="040"><subfield code="a">NPV</subfield><subfield code="b">eng</subfield><subfield code="c">NPV</subfield><subfield code="d">OCLCQ</subfield></datafield><datafield ind1=" " ind2=" " tag="042"><subfield code="a">msc</subfield></datafield><datafield ind1="0" ind2="0" tag="245"><subfield code="a">Oconto County enterprise.</subfield></datafield><datafield ind1=" " ind2=" " tag="260"><subfield code="a">Oconto, Wis. :</subfield><subfield code="b">P.A. Badour</subfield></datafield><datafield ind1=" " ind2=" " tag="300"><subfield code="a">v.</subfield></datafield><datafield ind1=" " ind2=" " tag="310"><subfield code="a">Semiweekly</subfield></datafield><datafield ind1="1" ind2=" " tag="362"><subfield code="a">Began in 1898; ceased in Apr. 2, 1920.</subfield><subfield code="z">Cf. Oehlerts, d. E. Guide to Wis. newspapers.</subfield></datafield><datafield ind1=" " ind2=" " tag="588"><subfield code="a">Description based on: Vol. 1, no. 12 (Sept. 15, 1898).</subfield></datafield><datafield ind1=" " ind2=" " tag="752"><subfield code="a">United States</subfield><subfield code="b">Wisconsin</subfield><subfield code="c">Oconto</subfield><subfield code="d">Oconto.</subfield></datafield><datafield ind1="0" ind2="4" tag="785"><subfield code="t">Oconto County reporter (Oconto, Wis. : 1871)</subfield><subfield code="w">(DLC)sn 86086313</subfield></datafield></record>